@inproceedings{fischer2011inducing,
  title={Inducing the LCP-array},
  author={Fischer, Johannes},
  booktitle={Workshop on Algorithms and Data Structures},
  pages={374--385},
  year={2011},
  organization={Springer}
}

@inproceedings{kasai2001linear,
  title={Linear-time longest-common-prefix computation in suffix arrays and its applications},
  author={Kasai, Toru and Lee, Gunho and Arimura, Hiroki and Arikawa, Setsuo and Park, Kunsoo},
  booktitle={Annual Symposium on Combinatorial Pattern Matching},
  pages={181--192},
  year={2001},
  organization={Springer}
}

@misc{origimpl,
  title = {Inducing the {LCP}-Array: original source code},
  howpublished = {\url{http://algo2.iti.kit.edu/english/1828.php}},
  note = {Accessed: January 12, 2019}
}

@misc{shakespeare,
  title = {Shakespeare's complete works txt},
  howpublished = {\url{https://ocw.mit.edu/ans7870/6/6.006/s08/lecturenotes/files/t8.shakespeare.txt}},
  note = {Accessed: January 12, 2019}
}
